<?xml version="1.0" encoding="UTF-8"?><record xmlns="http://www.loc.gov/MARC21/slim" xmlns:cinclude="http://apache.org/cocoon/include/1.0" xmlns:zs="http://www.loc.gov/zing/srw/">
  <leader>00446cz  a2200133n  4500</leader>
  <controlfield tag="001">n  86805496 </controlfield>
  <controlfield tag="003">DLC</controlfield>
  <controlfield tag="005">20080612075913.0</controlfield>
  <controlfield tag="008">860203n| acannaabn          |n aad      </controlfield>
  <datafield tag="010" ind1=" " ind2=" ">
    <subfield code="a">n  86805496 </subfield>
  </datafield>
  <datafield tag="035" ind1=" " ind2=" ">
    <subfield code="a">(OCoLC)oca01490098</subfield>
  </datafield>
  <datafield tag="040" ind1=" " ind2=" ">
    <subfield code="a">DLC</subfield>
    <subfield code="b">eng</subfield>
    <subfield code="c">DLC</subfield>
    <subfield code="d">OCoLC</subfield>
  </datafield>
  <datafield tag="100" ind1="1" ind2=" ">
    <subfield code="a">Sakuntalaksna, Prachark</subfield>
  </datafield>
  <datafield tag="670" ind1=" " ind2=" ">
    <subfield code="a">nuc86-9215: His A regional test of comparative advantage, 1978</subfield>
    <subfield code="b">(hdg. on IaU rept.: Sakuntalaksna, Prachark; usage: Prachark Sakuntalaksna)</subfield>
  </datafield>
</record>